@ONLINE{bit_torrent,
    author = "BitTorrent Inc; Bram Cohen",
    title = "BitTorrent",
    howpublished = "Website",
    urldate = "2014-01-16",
    url="http://www.bittorrent.com/",
}

@BOOK{b1,
    author = "Таненбаум Э.",
    title = "Компьютерные сети, 4-е изд.",
    publisher = "Питер",
    pages = 992,
    year = 2003
}

@BOOK{b2,
    author = "Стивенс Р.; Раго С.",
    title = "UNIX. Профессиональное программирование",
    publisher = "Символ-Плюс",
    year = 2013,
    pages = 1040
}

@BOOK{b3,
    author = "Стивенс У.Р.; Феннер Б.; Руддоф Э.М.",
    title = "UNIX. Разработка сетевых приложений, 3-е изд.",
    publisher = "Питер",
    year = 2007,
    pages = 1039
}

@BOOK{b4,
    author = "Керниган Б.; Ритчи Д.",
    title = "Язык программирования C",
    publisher = "Вильямс",
    year = 2006,
    pages = 304,
}
